<record xmlns="http://www.loc.gov/MARC21/slim" xmlns:xsi="http://www.w3.org/2001/XMLSchema-instance" xsi:schemaLocation="http://www.loc.gov/MARC21/slim http://www.loc.gov/standards/marcxml/schema/MARC21slim.xsd"><leader>01725nam a2200385   4500</leader><controlfield tag="001">24367</controlfield><controlfield tag="003">NNC</controlfield><controlfield tag="006">m        d        </controlfield><controlfield tag="007">cr cn |||m|||a</controlfield><controlfield tag="008">150110s1971    iq      ob    001 0 ara d</controlfield><datafield ind1=" " ind2=" " tag="040"><subfield code="a">NNU</subfield><subfield code="b">eng</subfield><subfield code="c">NNU</subfield></datafield><datafield ind1=" " ind2=" " tag="043"><subfield code="a">e-uk---</subfield></datafield><datafield ind1="1" ind2=" " tag="100"><subfield code="6">880-01</subfield><subfield code="a">Sha&#772;ridah, S&#803;ala&#772;h&#803;.</subfield></datafield><datafield ind1="1" ind2="0" tag="245"><subfield code="6">880-02</subfield><subfield code="a">Dira&#772;sa&#772;t wa-naqd fi&#772; al-shi&#699;r</subfield><subfield code="h">[electronic resource] /</subfield><subfield code="c">ta&#700;li&#772;f S&#803;ala&#772;h&#803; Mahdi&#772; Sha&#772;ridah.</subfield></datafield><datafield ind1=" " ind2=" " tag="260"><subfield code="6">880-03</subfield><subfield code="a">Baghda&#772;d :</subfield><subfield code="b">Mat&#803;ba&#699;at al-Irsha&#772;d,</subfield><subfield code="c">1971.</subfield></datafield><datafield ind1=" " ind2=" " tag="300"><subfield code="a">online resource (106 p.)</subfield></datafield><datafield ind1=" " ind2=" " tag="500"><subfield code="a">Includes index.</subfield></datafield><datafield ind1=" " ind2=" " tag="500"><subfield code="a">Part of the Arabic Collections Online (ACO) project, contributed by Columbia University Libraries.</subfield></datafield><datafield ind1=" " ind2=" " tag="504"><subfield code="a">Bibliography: p. 100-104.</subfield></datafield><datafield ind1=" " ind2=" " tag="533"><subfield code="a">Electronic reproduction.</subfield><subfield code="b">New York, N.Y. :</subfield><subfield code="c">New York University,</subfield><subfield code="d">2015.</subfield><subfield code="5">NNU</subfield></datafield><datafield ind1=" " ind2="0" tag="650"><subfield code="a">English poetry</subfield><subfield code="x">History and criticism.</subfield></datafield><datafield ind1=" " ind2="0" tag="650"><subfield code="a">Romanticism</subfield><subfield code="z">England.</subfield></datafield><datafield ind1=" " ind2="7" tag="650"><subfield code="a">English poetry.</subfield><subfield code="2">fast</subfield><subfield code="0">(OCoLC)fst00912278</subfield></datafield><datafield ind1=" " ind2="7" tag="650"><subfield code="a">Romanticism.</subfield><subfield code="2">fast</subfield><subfield code="0">(OCoLC)fst01100133</subfield></datafield><datafield ind1=" " ind2="7" tag="651"><subfield code="a">England.</subfield><subfield code="2">fast</subfield><subfield code="0">(OCoLC)fst01219920</subfield></datafield><datafield ind1=" " ind2="7" tag="655"><subfield code="a">Criticism, interpretation, etc.</subfield><subfield code="2">fast</subfield><subfield code="0">(OCoLC)fst01411635</subfield></datafield><datafield ind1="2" ind2=" " tag="710"><subfield code="a">Columbia University.</subfield><subfield code="b">Libraries.</subfield></datafield><datafield ind1="0" ind2=" " tag="730"><subfield code="a">Arabic Collections Online.</subfield></datafield><datafield ind1="0" ind2="8" tag="776"><subfield code="i">Print version:</subfield><subfield code="a">Sha&#772;ridah, S&#803;ala&#772;h&#803;.</subfield><subfield code="t">Dira&#772;sa&#772;t wa-naqd fi&#772; al-shi&#699;r</subfield><subfield code="w">(NNC)24367</subfield><subfield code="w">(OCoLC)77616758</subfield></datafield><datafield ind1="4" ind2="0" tag="856"><subfield code="u">http://hdl.handle.net/2333.1/cjsxkvft</subfield></datafield><datafield ind1="1" ind2=" " tag="880"><subfield code="6">100-01/r</subfield><subfield code="a">&#1588;&#1575;&#1585;&#1583;&#1577;&#1548; &#1589;&#1604;&#1575;&#1581;.</subfield></datafield><datafield ind1="1" ind2="0" tag="880"><subfield code="6">245-02/r</subfield><subfield code="a">&#1583;&#1585;&#1575;&#1587;&#1575;&#1578; &#1608;&#1606;&#1602;&#1583; &#1601;&#1610; &#1575;&#1604;&#1588;&#1593;&#1585; /</subfield><subfield code="c">&#1578;&#1571;&#1604;&#1610;&#1601; &#1589;&#1604;&#1575;&#1581; &#1605;&#1607;&#1583;&#1610; &#1588;&#1575;&#1585;&#1583;&#1577;.</subfield></datafield><datafield ind1=" " ind2=" " tag="880"><subfield code="6">260-03/r</subfield><subfield code="a">&#1576;&#1594;&#1583;&#1575;&#1583; :</subfield><subfield code="b">&#1605;&#1591;&#1576;&#1593;&#1577; &#1575;&#1604;&#1575;&#1585;&#1588;&#1575;&#1583;&#1548;</subfield><subfield code="c">1971.</subfield></datafield><datafield ind1=" " ind2=" " tag="959"><subfield code="a">NNU</subfield><subfield code="b">WEB</subfield><subfield code="c">GENI</subfield><subfield code="t">0</subfield><subfield code="m">Electronic access</subfield><subfield code="s">01</subfield></datafield><datafield ind1=" " ind2=" " tag="999"><subfield code="i">NNC_24367</subfield><subfield code="o">(OCoLC)77616758</subfield></datafield></record>